<?xml version="1.0" encoding="UTF-8"?>
  <record xmlns="http://www.loc.gov/MARC21/slim" type="Authority">
    <leader>00000nz  a2200000nc 4500</leader>
    <controlfield tag="001">118876090</controlfield>
    <controlfield tag="003">DE-101</controlfield>
    <controlfield tag="005">20170621004414.0</controlfield>
    <controlfield tag="008">890904n||azznnaabn           | aaa    |c</controlfield>
    <datafield tag="024" ind1="7" ind2=" ">
      <subfield code="a">118876090</subfield>
      <subfield code="0">http://d-nb.info/gnd/118876090</subfield>
      <subfield code="2">gnd</subfield>
    </datafield>
    <datafield tag="035" ind1=" " ind2=" ">
      <subfield code="a">(DE-101)118876090</subfield>
    </datafield>
    <datafield tag="035" ind1=" " ind2=" ">
      <subfield code="a">(DE-588)118876090</subfield>
    </datafield>
    <datafield tag="035" ind1=" " ind2=" ">
      <subfield code="z">(DE-588)1089802315</subfield>
    </datafield>
    <datafield tag="035" ind1=" " ind2=" ">
      <subfield code="z">(DE-588)1089690258</subfield>
    </datafield>
    <datafield tag="035" ind1=" " ind2=" ">
      <subfield code="z">(DE-588a)118876090</subfield>
      <subfield code="9">v:zg</subfield>
    </datafield>
    <datafield tag="035" ind1=" " ind2=" ">
      <subfield code="z">(DE-588c)4217799-6</subfield>
      <subfield code="9">v:zg</subfield>
    </datafield>
    <datafield tag="040" ind1=" " ind2=" ">
      <subfield code="a">DE-12</subfield>
      <subfield code="c">DE-12</subfield>
      <subfield code="9">r:DE-12</subfield>
      <subfield code="b">ger</subfield>
      <subfield code="d">9999</subfield>
    </datafield>
    <datafield tag="042" ind1=" " ind2=" ">
      <subfield code="a">gnd1</subfield>
    </datafield>
    <datafield tag="043" ind1=" " ind2=" ">
      <subfield code="c">XA-DE</subfield>
    </datafield>
    <datafield tag="065" ind1=" " ind2=" ">
      <subfield code="a">12.2p</subfield>
      <subfield code="2">sswd</subfield>
    </datafield>
    <datafield tag="075" ind1=" " ind2=" ">
      <subfield code="b">p</subfield>
      <subfield code="2">gndgen</subfield>
    </datafield>
    <datafield tag="075" ind1=" " ind2=" ">
      <subfield code="b">piz</subfield>
      <subfield code="2">gndspec</subfield>
    </datafield>
    <datafield tag="079" ind1=" " ind2=" ">
      <subfield code="a">g</subfield>
      <subfield code="q">a</subfield>
      <subfield code="q">f</subfield>
      <subfield code="q">s</subfield>
      <subfield code="u">w</subfield>
    </datafield>
    <datafield tag="100" ind1="1" ind2=" ">
      <subfield code="a">Maier, Martin</subfield>
      <subfield code="d">ca. Anfang 16. Jh.</subfield>
    </datafield>
    <datafield tag="400" ind1="0" ind2=" ">
      <subfield code="a">Martin</subfield>
      <subfield code="c">Maier</subfield>
      <subfield code="d">ca. Anfang 16. Jh.</subfield>
    </datafield>
    <datafield tag="400" ind1="0" ind2=" ">
      <subfield code="a">Martin</subfield>
      <subfield code="c">Mayer</subfield>
      <subfield code="d">ca. Anfang 16. Jh.</subfield>
    </datafield>
    <datafield tag="400" ind1="0" ind2=" ">
      <subfield code="a">Martin</subfield>
      <subfield code="c">von Reutlingen</subfield>
      <subfield code="d">ca. Anfang 16. Jh.</subfield>
    </datafield>
    <datafield tag="400" ind1="0" ind2=" ">
      <subfield code="a">Martin</subfield>
      <subfield code="c">von Reytlingen</subfield>
      <subfield code="d">ca. Anfang 16. Jh.</subfield>
    </datafield>
    <datafield tag="400" ind1="0" ind2=" ">
      <subfield code="a">Martinus von Reutlingen</subfield>
      <subfield code="d">ca. Anfang 16. Jh.</subfield>
    </datafield>
    <datafield tag="400" ind1="1" ind2=" ">
      <subfield code="a">Mayer, Martin</subfield>
      <subfield code="d">ca. Anfang 16. Jh.</subfield>
    </datafield>
    <datafield tag="400" ind1="1" ind2=" ">
      <subfield code="a">Meyer, Martin</subfield>
      <subfield code="d">ca. Anfang 16. Jh.</subfield>
      <subfield code="9">v:(VD-16)</subfield>
    </datafield>
    <datafield tag="400" ind1="1" ind2=" ">
      <subfield code="a">Reutlingen, Martin &#152;von&#156;</subfield>
      <subfield code="d">ca. Anfang 16. Jh.</subfield>
    </datafield>
    <datafield tag="400" ind1="1" ind2=" ">
      <subfield code="a">Reytlingen, Martin &#152;von&#156;</subfield>
      <subfield code="d">ca. Anfang 16. Jh.</subfield>
    </datafield>
    <datafield tag="400" ind1="1" ind2=" ">
      <subfield code="a">Maier von Reutlingen, Martin</subfield>
      <subfield code="d">ca. Anfang 16. Jh.</subfield>
    </datafield>
    <datafield tag="548" ind1=" " ind2=" ">
      <subfield code="a">ca. Anfang 16. Jh.</subfield>
      <subfield code="4">datl</subfield>
      <subfield code="4">https://d-nb.info/standards/elementset/gnd#associatedDate</subfield>
      <subfield code="w">r</subfield>
      <subfield code="i">Lebensdaten</subfield>
    </datafield>
    <datafield tag="550" ind1=" " ind2=" ">
      <subfield code="0">(DE-101)041693582</subfield>
      <subfield code="0">(DE-588)4169358-9</subfield>
      <subfield code="0">https://d-nb.info/gnd/4169358-9</subfield>
      <subfield code="a">Meistersinger</subfield>
      <subfield code="4">berc</subfield>
      <subfield code="4">https://d-nb.info/standards/elementset/gnd#professionOrOccupation</subfield>
      <subfield code="w">r</subfield>
      <subfield code="i">Charakteristischer Beruf</subfield>
    </datafield>
    <datafield tag="551" ind1=" " ind2=" ">
      <subfield code="0">(DE-101)040155757</subfield>
      <subfield code="0">(DE-588)4015575-4</subfield>
      <subfield code="0">https://d-nb.info/gnd/4015575-4</subfield>
      <subfield code="a">Esslingen am Neckar</subfield>
      <subfield code="4">ortw</subfield>
      <subfield code="4">https://d-nb.info/standards/elementset/gnd#placeOfActivity</subfield>
      <subfield code="w">r</subfield>
      <subfield code="i">Wirkungsort</subfield>
      <subfield code="9">Z:1511</subfield>
    </datafield>
    <datafield tag="667" ind1=" " ind2=" ">
      <subfield code="a">VD-16</subfield>
    </datafield>
    <datafield tag="667" ind1=" " ind2=" ">
      <subfield code="a">VD-17</subfield>
    </datafield>
    <datafield tag="670" ind1=" " ind2=" ">
      <subfield code="a">Kosch Lit.; VL(2),5,1167/1172</subfield>
    </datafield>
    <datafield tag="672" ind1=" " ind2="0">
      <subfield code="a">Meyer, Martin: Ein schoen Lied, Vonn einem Ritter auß Steirmarck, Trinumitas genandt, vnd von eines ...  1560.  (VD16 M 5103)</subfield>
    </datafield>
    <datafield tag="672" ind1=" " ind2="0">
      <subfield code="a">Meyer, Martin: Das Lied von dem Ritter Auß Steürmarck wie er ein Künig in Teñmarck ward auch wie es jm ...  1560.  (VD16 M 5105)</subfield>
    </datafield>
    <datafield tag="672" ind1=" " ind2="0">
      <subfield code="a">Meyer, Martin: Das lied sagt von eynem Ritter auß der Steuermarck wie er eyn Künig in Deñmarck ward. Auch ...  1540.  (VD16 M 5101)</subfield>
    </datafield>
    <datafield tag="672" ind1=" " ind2="0">
      <subfield code="a">Meyer, Martin: .  1546.  (VD16 ZV 10939)</subfield>
    </datafield>
    <datafield tag="672" ind1=" " ind2="0">
      <subfield code="a">Meyer, Martin: .  1532.  (VD16 ZV 10940)</subfield>
    </datafield>
    <datafield tag="672" ind1=" " ind2="0">
      <subfield code="a">Meyer, Martin: Ain spruch uon dem Elichen stat .  1511.  (VD16 M 5111)</subfield>
    </datafield>
    <datafield tag="672" ind1=" " ind2="0">
      <subfield code="a">Meyer, Martin: .  1555.  (VD16 ZV 10938)</subfield>
    </datafield>
    <datafield tag="672" ind1=" " ind2="0">
      <subfield code="a">Meyer, Martin: Ein schön lied võ einem Ritter auß der Steyrmarckt genant Trimunitas vñ von eins Kuenigs ...  1515.  (VD16 M 5100)</subfield>
    </datafield>
    <datafield tag="672" ind1=" " ind2="0">
      <subfield code="a">Meyer, Martin: Ein schön Lied von einem Ritter aus der Steiermark.  1515.  (VD16 ZV 16030)</subfield>
    </datafield>
    <datafield tag="672" ind1=" " ind2="0">
      <subfield code="a">Meyer, Martin: Ein schöner spruch von eynem kauffmann vnd einem hencker, wie drw mördt verbracht.  1515.  (VD16 M 5110)</subfield>
    </datafield>
    <datafield tag="675" ind1=" " ind2=" ">
      <subfield code="a">LCAuth 2.8.07</subfield>
    </datafield>
    <datafield tag="678" ind1=" " ind2=" ">
      <subfield code="b">"Ritter aus der Steiermark"; "Spruch vom Krieg in Italien"; "Spruch von der Teuerung"; Meistersinger und Spruchsprecher</subfield>
    </datafield>
    <datafield tag="913" ind1=" " ind2=" ">
      <subfield code="S">pnd</subfield>
      <subfield code="i">a</subfield>
      <subfield code="a">Maier, Martin</subfield>
      <subfield code="0">(DE-588a)118876090</subfield>
    </datafield>
  </record>
